@book{coplien1992advanced,
  title={{Advanced C++ Programming Styles and Idioms}},
  author={Coplien, James O and others},
  volume={201548550},
  year={1992},
  publisher={Addison-Wesley Reading, MA}
}


@inproceedings{perlis1979programming,
  title={{Programming With Idioms In APL}},
  author={Perlis, Alan J and Rugaber, Spencer},
  booktitle={ACM SIGAPL APL Quote Quad},
  year={1979}
}


@inproceedings{gil1997design,
  title={{Design Patterns vs. Language Design}},
  author={Gil, Joseph and Lorenz, David H},
  booktitle={European Conference on Object-Oriented Programming},
  year={1997}
}

@inproceedings{lisa-saner,
  title={{Reducing Redundancies in Multi-Revision Code Analysis}},
	author={Alexandru, Carol V. and Panichella, Sebastiano and Gall, Harald},
	booktitle={International Conference on Software Analysis, Evolution and Reengineering},
	year=2017
}

@misc{takipi,
  title = {{We Analyzed 30,000 GitHub Projects â€“ Here Are The Top 100 Libraries in Java, JS and Ruby}},
  howpublished = {\url{http://blog.takipi.com/we-analyzed-30000-github-projects-here-are-the-top-100-libraries-in-java-js-and-ruby/}},
  note = {Accessed: 2016-03-20}
}

@misc{zen-of-python,
  title = {{The Zen of Python}},
  howpublished = {\url{https://www.python.org/dev/peps/pep-0020/}},
  note = {Accessed: 2018-02-07}
}

@misc{term-pythonic,
  title = {{Python Glossary: "Pythonic"}},
  howpublished = {\url{https://docs.python.org/3/glossary.html#term-pythonic}},
  note = {Accessed: 2018-02-07}
}

@misc{stackoverflow-growth,
  title = {{The Incredible Growth of Python}},
  howpublished = {\url{https://stackoverflow.blog/2017/09/06/incredible-growth-python/}},
  note = {Accessed: 2018-02-07}
}

@misc{tiobe-index,
  title = {{Tiobe Index}},
  howpublished = {\url{https://www.tiobe.com/tiobe-index/}},
  note = {Accessed: 2018-02-07}
}

@misc{github-python,
  title = {{GitHub search for language:Python}},
  howpublished = {\url{https://github.com/search?q=language%3APython}},
  note = {Accessed: 2018-02-07}
}

@misc{awesome-python,
  title = {{Awesome Python}},
  howpublished = {\url{https://github.com/vinta/awesome-python}},
  note = {Accessed: 2017-06-20}
}

@misc{list-comprehension,
  title = {{Rosettacode.org contains a list of how to implement list comprehensions in 68 languages}},
  howpublished = {\url{http://rosettacode.org/wiki/List_comprehensions}},
  note = {Accessed: 2018-02-07}
}

@misc{c2-ProgramIdiom,
  title = {{Definition: "Programming Idiom"}},
  howpublished = {\url{http://wiki.c2.com/?ProgrammingIdiom}},
  note = {Accessed: 2018-02-07}
}

@book{CA08,
  title={{Framework Design Guidelines: Conventions, Idioms, and Patterns for Reusable .Net Libraries}},
  author={Cwalina, Krzysztof and Abrams, Brad},
  year={2008},
  publisher={Pearson}
}

@book{Blo08,
  title={{Effective Java (The Java Series)}},
  author={Bloch, Joshua},
  year={2008},
  publisher={Prentice Hall}
}

@inproceedings{SGHS11,
  title={Code Convention Adherence in Evolving Software},
  author={Smit, Michael and Gergel, Barry and Hoover, H James and Stroulia, Eleni},
  booktitle={International Conference on Software Maintenance},
  year={2011}
}

@inproceedings{ABBS14,
 title = {{Learning Natural Coding Conventions}},
 author = {Allamanis, Miltiadis and Barr, Earl T. and Bird, Christian and Sutton, Charles},
 booktitle = {International Symposium on Foundations of Software Engineering},
 year = {2014}
} 

@article{paige2003culture,
  title={Culture learning in language education},
  author={Paige, R Michael and Jorstad, Helen L and Siaya, Laura and Klein, Francine and Colby, Jeanette and Lange, D and Paige, R},
  journal={Culture as the core: Perspectives on culture in second language learning},
  pages={173--236},
  year={2003},
  publisher={IAP}
}


@book{barry2016head,
  title={Head First Python: A Brain-Friendly Guide},
  author={Barry, Paul},
  year={2016},
  publisher={" O'Reilly Media, Inc."}
}

@book{guzdial2015introduction,
  title={Introduction to computing and programming in python},
  author={Guzdial, Mark J and Ericson, Barbara},
  year={2015},
  publisher={Pearson}
}

@book{pilgrim2009dive,
  title={Dive Into Python 3},
  author={Pilgrim, Mark and Willison, Simon},
  volume={2},
  year={2009},
  publisher={Springer}
}

@book{knupp2013writing,
  title={Writing Idiomatic Python 3.3},
  author={Jeff Knupp},
  year={2013},
  publisher={CreateSpace}
}

@book{slatkin2015effective,
  title={Effective Python: 59 Specific Ways to Write Better Python},
  author={Slatkin, Brett},
  year={2015},
  publisher={Pearson Education}
}

@book{martelli2005python,
  title={Python cookbook},
  author={Martelli, Alex and Ravenscroft, Anna and Ascher, David},
  year={2005},
  publisher={" O'Reilly Media, Inc."}
}

@book{beazley2013python,
  title={Python Cookbook: Recipes for Mastering Python 3},
  author={Beazley, David and Jones, Brian K},
  year={2013},
  publisher={" O'Reilly Media, Inc."}
}

@book{alchin2010pro,
  title={Pro Python},
  author={Alchin, Marty},
  year={2010},
  publisher={Apress}
}

@book{jaworski2016expert,
  title={Expert Python Programming},
  author={Jaworski, Michal and Ziad{\'e}, Tarek},
  year={2016},
  publisher={Packt Publishing Ltd}
}

@book{ziade2008expert,
  title={Expert Python Programming},
  author={Ziad{\'e}, Tarek},
  year={2008},
  publisher={Packt Publishing Ltd}
}

@book{lutz2010programming,
  title={Programming Python: Powerful Object-Oriented Programming},
  author={Lutz, Mark},
  year={2010},
  publisher={" O'Reilly Media, Inc."}
}

@book{dictionary1989oxford,
  title={Oxford english dictionary},
  author={Dictionary, Oxford English},
  journal={Simpson, JA \& Weiner, ESC},
  year={1989}
}

@book{merriam2004merriam,
  title={Merriam-Webster's collegiate dictionary},
  author={Merriam-Webster},
  year={2004},
  publisher={Merriam-Webster}
}

@inproceedings{trinder1991comprehensions,
  title={Comprehensions, a Query Notation for DBPLs.},
  author={Trinder, Philip W},
  booktitle={DBPL},
  pages={55--68},
  year={1991}
}

@article{wong2000functional,
  title={The functional guts of the Kleisli query system},
  author={Wong, Limsoon},
  journal={ACM SIGPLAN Notices},
  volume={35},
  number={9},
  pages={1--10},
  year={2000},
  publisher={ACM}
}

@book{wohlin2012experimentation,
  title={Experimentation in software engineering},
  author={Wohlin, Claes and Runeson, Per and H{\"o}st, Martin and Ohlsson, Magnus C and Regnell, Bj{\"o}rn and Wessl{\'e}n, Anders},
  year={2012},
  publisher={Springer Science \& Business Media}
}

@incollection{easterbrook2008selecting,
  title={Selecting empirical methods for software engineering research},
  author={Easterbrook, Steve and Singer, Janice and Storey, Margaret-Anne and Damian, Daniela},
  booktitle={Guide to advanced empirical software engineering},
  pages={285--311},
  year={2008},
  publisher={Springer}
}

@book{creswell2017research,
  title={Research design: Qualitative, quantitative, and mixed methods approaches},
  author={Creswell, John W and Creswell, J David},
  year={2017},
  publisher={Sage publications}
}

@article{tellis1997application,
  title={Application of a case study methodology},
  author={Tellis, Winston M},
  journal={The qualitative report},
  volume={3},
  number={3},
  pages={1--19},
  year={1997}
}

@manual{van2001pep,
  title={PEP 8: style guide for Python code},
  author={van Rossum, Guido and Warsaw, Barry and Coghlan, Nick},
  organization={Python.org},
  note={https://www.python.org/dev/peps/pep-0008/},
  year={2001}
}

@misc{so-python-pythonic,
  title = {{Threads on StackOverflow tagged with `Python' and containing the word `Pythonic'}},
  howpublished = {\url{https://stackoverflow.com/search?q=%5Bpython%5D+pythonic}},
  note = {Accessed: 2018-02-07}
}


@article{uzzi1996sources,
  title={The sources and consequences of embeddedness for the economic performance of organizations: The network effect},
  author={Uzzi, Brian},
  journal={American sociological review},
  pages={674--698},
  year={1996},
  publisher={JSTOR}
}

@article{subramaniam2009determinants,
  title={Determinants of open source software project success: A longitudinal study},
  author={Subramaniam, Chandrasekar and Sen, Ravi and Nelson, Matthew L},
  journal={Decision Support Systems},
  volume={46},
  number={2},
  pages={576--585},
  year={2009},
  publisher={Elsevier}
}

@book{brown1998antipatterns,
  title={AntiPatterns: refactoring software, architectures, and projects in crisis},
  author={Brown, William H and Malveau, Raphael C and McCormick, Hays W and Mowbray, Thomas J},
  year={1998},
  publisher={John Wiley \& Sons, Inc.}
}

@book{BeckSmalltalk,
 title={Smalltalk: Best Practice Patterns},
 author={Beck, Kent},
 year={1997},
 publisher={Prentice-Hall, Inc.},
 address={Upper Saddle River, NJ, USA},
}

@article{jjmerchante17sattose,
  title={From Python to Pythonic: Preliminary Results from Searching for Python idioms in GitHub},
  author={Jose J Merchante and Gregorio Robles},
  year={2017},
  journal={SATToSE}
}




